@misc{Sim2015,
    author = "Simon Kemp",
    institution = "we are social",
    title = "DIGITAL, SOCIAL \& MOBILE WORLDWIDE IN 2015",
    month = "jan",
    year = "2015",
    url = "http://wearesocial.com/uk/special-reports/digital-social-mobile-worldwide-2015",
    note = "[Online; diakses 20 Januari 2016]"
}
@incollection{Sub2012,
    year={2012},
    isbn={978-3-642-28603-2},
    booktitle={Computational Linguistics and Intelligent Text Processing},
    volume={7181},
    series={Lecture Notes in Computer Science},
    editor={Gelbukh, Alexander},
    doi={10.1007/978-3-642-28604-9_39},
    title={Feature Specific Sentiment Analysis for Product Reviews},
    url={http://dx.doi.org/10.1007/978-3-642-28604-9_39},
    publisher={Springer Berlin Heidelberg},
    author={Mukherjee, Subhabrata and Bhattacharyya, Pushpak},
    pages={475-487},
    language={english},
}
@article{Lau201480,
    title = "Social analytics: Learning fuzzy product ontologies for aspect-oriented sentiment analysis ",
    journal = "Decision Support Systems ",
    volume = "65",
    number = "",
    pages = "80 - 94",
    year = "2014",
    note = "Crowdsourcing and Social Networks Analysis ",
    issn = "0167-9236",
    doi = "http://dx.doi.org/10.1016/j.dss.2014.05.005",
    url = "http://www.sciencedirect.com/science/article/pii/S0167923614001456",
    author = "Raymond Y.K. Lau and Chunping Li and Stephen S.Y. Liao",
    keywords = "Social analytics",
    keywords = "Ontology mining",
    keywords = "Product ontology",
    keywords = "Aspect-oriented sentiment analysis",
    keywords = "Social media "
}
@inproceedings{Nas2003,
    author = {Nasukawa, Tetsuya and Yi, Jeonghee},
    title = {Sentiment Analysis: Capturing Favorability Using Natural Language Processing},
    booktitle = {Proceedings of the 2Nd International Conference on Knowledge Capture},
    series = {K-CAP '03},
    year = {2003},
    isbn = {1-58113-583-1},
    location = {Sanibel Island, FL, USA},
    pages = {70--77},
    numpages = {8},
    url = {http://doi.acm.org/10.1145/945645.945658},
    doi = {10.1145/945645.945658},
    acmid = {945658},
    publisher = {ACM},
    address = {New York, NY, USA},
    keywords = {favorability analysis, information extraction, sentiment analysis, text mining},
}
@article{Kum2012,
    title={Sentiment analysis on twitter},
    author={Kumar, Akshi and Sebastian, Teeja Mary},
    journal={IJCSI International Journal of Computer Science Issues},
    volume={9},
    number={3},
    pages={372--378},
    year={2012}
}
@article{Geu2009390,
    title = "Capacitated procurement planning with price-sensitive demand and general concave-revenue functions ",
    journal = "European Journal of Operational Research ",
    volume = "194",
    number = "2",
    pages = "390 - 405",
    year = "2009",
    note = "",
    issn = "0377-2217",
    doi = "http://dx.doi.org/10.1016/j.ejor.2007.12.011",
    url = "http://www.sciencedirect.com/science/article/pii/S0377221707012064",
    author = "Joseph Geunes and Yasemin MerzifonluoÄŸlu and H. Edwin Romeijn",
    keywords = "Production",
    keywords = "Pricing",
    keywords = "Inventory "
}
@article{Sun201097,
    title = "Optimizing material procurement planning problem by two-stage fuzzy programming ",
    journal = "Computers \& Industrial Engineering ",
    volume = "58",
    number = "1",
    pages = "97 - 107",
    year = "2010",
    note = "",
    issn = "0360-8352",
    doi = "http://dx.doi.org/10.1016/j.cie.2009.09.001",
    url = "http://www.sciencedirect.com/science/article/pii/S0360835209002563",
    author = "Gao-Ji Sun and Yan-Kui Liu and Yan-Fei Lan",
    keywords = "Material procurement planning",
    keywords = "Two-stage fuzzy programming",
    keywords = "Minimum-risk criteria",
    keywords = "Approximation approach",
    keywords = "Particle swarm optimization "
}
